@book{Fundamentals-of-Microelectronics,
	author = {Behzad Razavi},
	title = {Fundamentals of Microelectronics},
	year = {2013},
	publisher = {Wiley},
	address = {New York},
	edition = {2nd}
}

@misc{Lab-statement,
	author = {Prof},
	title = {Title},
	institution = {Department of Electrical and Computer Engineering, Nova School of Science and Technology, NOVA University of Lisbon},
	year = {2024}
}

@misc{Active-Low-Pass-Filter-Design,
	author = {Jim Karki},
	title = {Active Low-Pass Filter Design},
	publisher = {Texas Instruments},
	year = {2023}
}

@misc{mcp-datasheet,
	author = {Microchip Technology},
	title = {MCP6001/2/4},
	howpublished = {\url{https://www.microchip.com/wwwproducts/en/MCP6001}},
	year = {2019}
}

@misc{ESP32-datasheet,
	author = {Espressif Systems},
	title = {ESP32 Series Datasheet},
	howpublished = {\url{https://www.espressif.com/sites/default/files/documentation/esp32_datasheet_en.pdf}},
	year = {2024}
}

@misc{Active-Filter-Design-Techniques,
	author = {Thomas Kugelstadt},
	title = {Active Filter Design Techniques},
	howpublished = {\url{https://www2.seas.gwu.edu/~ece121/Spring-11/filterdesign.pdf}},
	year = {2001}
}

@article{paper,
	author = {Li, Manxin and Yao, Yuting and Hu, Biao and Wei, Jipeng and Chen, Yong and Ma, Shunli and Ye, Fan and Ren, Junyan},
	journal = {IEEE Access},
	title = {A 6.94-fJ/Conversion-Step 12-bit 100-MS/s Asynchronous SAR ADC Exploiting Split-CDAC in 65-nm CMOS},
	year = {2021},
	volume = {9},
	number = {},
	pages = {77545-77554},
	keywords = {Capacitors;Linearity;Bridge circuits;Logic arrays;Parasitic capacitance;Control systems;Registers;Successive approximation register (SAR) analog-to-digital converter (ADC);CMOS;split-CDAC;customized unit capacitor;asynchronous logic;figure-of-merit (FoM)},
	doi = {10.1109/ACCESS.2021.3079406}
}
